
@article{White:1986tx,
author = {White, J G and Southgate, E and Thomson, J N},
title = {{The structure of the nervous system of the nematode Caenorhabditis elegans}},
journal = {{\ldots} Trans R Soc Lond B Biol {\ldots}},
year = {1986}
}

@article{Towlson:2013gf,
author = {Towlson, E K and V{\'e}rtes, Petra E and Ahnert, S E},
title = {{The rich club of the C. elegans neuronal connectome}},
journal = {J. Neurosci.},
year = {2013},
volume = {33},
number = {15},
pages = {6380--6387}
}

@article{Shih:2015cu,
author = {Shih, Chi-Tin and Sporns, Olaf and Yuan, Shou-Li and Su, Ta-Shun and Lin, Yen-Jen and Chuang, Chao-Chun and Wang, Ting-Yuan and Lo, Chung-Chuang and Greenspan, Ralph J and Chiang, Ann-Shyn},
title = {{Connectomics-Based Analysis of Information Flow in the Drosophila Brain}},
journal = {Curr. Biol.},
year = {2015},
month = apr
}

@article{Fulcher:2016ck,
author = {Fulcher, Ben D and Fornito, A},
title = {{A transcriptional signature of hub connectivity in the mouse connectome}},
journal = {Proc. Natl. Acad. Sci. USA},
year = {2016},
volume = {113},
number = {5},
pages = {1435--1440},
month = feb
}

@article{vandenHeuvel:2015ie,
author = {van den Heuvel, Martijn P and Scholtens, Lianne H and de Reus, Marcel A},
title = {{Topological organization of connectivity strength in the rat connectome}},
journal = {Brain. Struct. Funct.},
year = {2015},
pages = {1--18},
month = feb
}

@article{Schroter:2017eo,
author = {Schr{\"o}ter, Manuel and Paulsen, Ole and Bullmore, Edward},
title = {{Micro-connectomics: probing the organization of neuronal networks at the cellular scale}},
journal = {Nat. Rev. Neurosci.},
year = {2017},
pages = {1--16},
month = feb
}

@article{deReus:2013cy,
author = {de Reus, Marcel A and van den Heuvel, Martijn P},
title = {{Rich Club Organization and Intermodule Communication in the Cat Connectome}},
journal = {J. Neurosci.},
year = {2013},
volume = {33},
number = {32},
pages = {12929--12939},
month = aug
}

@article{Shih:2015cu,
author = {Shih, Chi-Tin and Sporns, Olaf and Yuan, Shou-Li and Su, Ta-Shun and Lin, Yen-Jen and Chuang, Chao-Chun and Wang, Ting-Yuan and Lo, Chung-Chuang and Greenspan, Ralph J and Chiang, Ann-Shyn},
title = {{Connectomics-Based Analysis of Information Flow in the Drosophila Brain}},
journal = {Curr. Biol.},
year = {2015},
month = apr
}

@article{Sporns:2007ea,
author = {Sporns, Olaf and Honey, C J and K{\"o}tter, R},
title = {{Identification and classification of hubs in brain networks}},
journal = {PLoS ONE},
year = {2007},
volume = {2},
number = {10},
pages = {e1049}
}

@article{Pereira:2015er,
author = {Pereira, Laura and Kratsios, Paschalis and Serrano-Saiz, Esther and Sheftel, Hila and Mayo, Avi E and Hall, David H and White, John G and LeBoeuf, Brigitte and Garcia, L Rene and Alon, Uri and Hobert, Oliver and Shen, Kang},
title = {{A cellular and regulatory map of the cholinergic nervous system of C. elegans}},
journal = {eLife},
year = {2015},
volume = {4},
pages = {e12432},
month = dec
}

@article{Harris:2009kd,
author = {Harris, T W and Antoshechkin, I and Bieri, T and Blasiar, D and Chan, J and Chen, W J and De La Cruz, N and Davis, P and Duesbury, M and Fang, R and Fernandes, J and Han, M and Kishore, R and Lee, R and Muller, H M and Nakamura, C and Ozersky, P and Petcherski, A and Rangarajan, A and Rogers, A and Schindelman, G and Schwarz, E M and Tuli, M A and Van Auken, K and Wang, D and Wang, X and Williams, G and Yook, K and Durbin, R and Stein, L D and Spieth, J and Sternberg, P W},
title = {{WormBase: a comprehensive resource for nematode research}},
journal = {Nucleic Acids Research},
year = {2009},
volume = {38},
pages = {D463--D467},
month = dec
}

@article{Shen:2012ua,
author = {Shen, E H and Overly, C C and Jones, A R},
title = {{The Allen Human Brain Atlas: comprehensive gene expression mapping of the human brain}},
journal = {Trends Neurosci.},
year = {2012},
volume = {32},
number = {12},
pages = {711--714}
}

@article{Tasic:2016jp,
author = {Tasic, Bosiljka and Menon, Vilas and Nguyen, Thuc Nghi and Kim, Tae Kyung and Jarsky, Tim and Yao, Zizhen and Levi, Boaz and Gray, Lucas T and Sorensen, Staci A and Dolbeare, Tim and Bertagnolli, Darren and Goldy, Jeff and Shapovalova, Nadiya and Parry, Sheana and Lee, Changkyu and Smith, Kimberly and Bernard, Amy and Madisen, Linda and Sunkin, Susan M and Hawrylycz, Michael J and Koch, Christof and Zeng, Hongkui},
title = {{Adult mouse cortical cell taxonomy revealed by single cell transcriptomics}},
journal = {Nat. Neurosci.},
year = {2016},
volume = {19},
number = {2},
pages = {335--346},
}



@article{ZamoraLopez:2010hy,
author = {Zamora-L{\'o}pez, Gorka and Zhou, Changsong and Kurths, J{\"u}rgen},
title = {{Cortical Hubs Form a Module for Multisensory Integration on Top of the Hierarchy of Cortical Networks}},
journal = {Front. Neuroinf.},
year = {2010},
volume = {4},
pages = {1}
}

@article{deReus:2013cy,
author = {de Reus, Marcel A and van den Heuvel, Martijn P},
title = {{Rich Club Organization and Intermodule Communication in the Cat Connectome}},
journal = {J. Neurosci.},
year = {2013},
volume = {33},
number = {32},
pages = {12929--12939},
month = aug
}

@article{Harriger:2012bb,
author = {Harriger, Logan and van den Heuvel, Martijn P and Sporns, Olaf},
title = {{Rich Club Organization of Macaque Cerebral Cortex and Its Role in Network Communication}},
journal = {PLoS ONE},
year = {2012},
volume = {7},
number = {9},
pages = {e46497},
month = sep
}

@article{vandenHeuvel:2011he,
author = {van den Heuvel, Martijn P and Sporns, Olaf},
title = {{Rich-Club Organization of the Human Connectome}},
journal = {J. Neurosci.},
year = {2011},
volume = {31},
number = {44},
pages = {15775--15786},
month = nov
}

@article{vandenHeuvel:2012kh,
author = {van den Heuvel, Martijn P and Kahn, Ren{\'e} S and Go{\~n}i, Joaqu{\'\i}n and Sporns, Olaf},
title = {{High-cost, high-capacity backbone for global brain communication}},
journal = {Proc. Natl. Acad. Sci. USA},
year = {2012},
volume = {109},
number = {28},
pages = {11372--11377},
month = jul
}


